<record xmlns:xsi="http://www.w3.org/2001/XMLSchema-instance" xmlns="http://www.loc.gov/MARC21/slim" xsi:schemaLocation="http://www.loc.gov/MARC21/slim http://www.loc.gov/standards/marcxml/schema/MARC21slim.xsd">

  <leader>01535nab a22001577a 4500</leader>
  <controlfield tag="008">150527b1998    cr f|||| |||| 00| 0 spa d</controlfield>
  <datafield ind1=" " tag="090" ind2=" ">
    <subfield code="a">REVIS 06.02.01</subfield>
  </datafield>
  <datafield ind1="1" tag="100" ind2=" ">
    <subfield code="9">106</subfield>
    <subfield code="a">Vargas Cordero, Zoila Rosa</subfield>
  </datafield>
  <datafield ind2="0" ind1="1" tag="245">
    <subfield code="a">Orientación para el envejecimiento: un nuevo reto /</subfield>
    <subfield code="c">Zoila Rosa Vargas Cordero.</subfield>
  </datafield>
  <datafield ind2=" " ind1=" " tag="260">
    <subfield code="a">San José, Costa Rica :</subfield>
    <subfield code="b">Editorial Universidad de Costa Rica,</subfield>
    <subfield code="c">1998</subfield>
  </datafield>
  <datafield ind2=" " tag="300" ind1=" ">
    <subfield code="a">páginas 25 - 32</subfield>
  </datafield>
  <datafield tag="520" ind1=" " ind2=" ">
    <subfield code="a">Este artículo  trata de contribuir a la desmitificación de la vejez y rescata el valor del envejecimiento exitoso como parte del proceso evolutivo que todo ser humano experimenta durante su ciclo vital. 
Es un ensayo para reflexionar sobre este tema, al que se teme y, por lo tanto cuesta aceptar y para señalar cómo el profesional en Orientación puede cambiar la percepción que la sociedad ha inculcado al individuo, si lo orienta para que pueda comprender que el envejecimiento es algo natural y saludable y que depende de cada uno que éste resulte creativo, inteligente y de máximo bienestar. También persigue retomar el importante valor que tiene la familia como soporte para el fortalecimiento de los miembros y cómo orientadores y orientadoras, pueden incursionar en este nuevo reto de orientar para el envejecimiento desde cualquiera de los ámbitos en que se encuentre laborando</subfield>
  </datafield>
  <datafield ind2="0" tag="650" ind1=" ">
    <subfield code="9">1</subfield>
    <subfield code="a">EDUCACIÓN</subfield>
  </datafield>
  <datafield ind2=" " ind1="0" tag="773">
    <subfield code="d">San José, Costa Rica : Editorial de la Universidad de Costa Rica, 1997-</subfield>
    <subfield code="o">R0020</subfield>
    <subfield code="t">EDUCACIÓN: Revista de la Universidad de Costa Rica</subfield>
    <subfield code="g">Vol.22, no.1 (1998)</subfield>
  </datafield>
  <datafield tag="942" ind1=" " ind2=" ">
    <subfield code="2">z</subfield>
    <subfield code="c">10</subfield>
  </datafield>
  <datafield tag="999" ind1=" " ind2=" ">
    <subfield code="c">2589</subfield>
    <subfield code="d">2589</subfield>
  </datafield>
</record>